

@book{shenhan2015,
  title = {基础物理实验},
  isbn = {978-7-03-043311-4},
  address = {北京},
  publisher = {{科学出版社}},
  date = {2015-02},
  editor = {沈韩},
  pages = {213-216}
}
